@article{Liang2021SwinIRIR,
  title={SwinIR: Image Restoration Using Swin Transformer},
  author={Jingyun Liang and Jie Cao and Guolei Sun and K. Zhang and Luc Van Gool and Radu Timofte},
  journal={2021 IEEE/CVF International Conference on Computer Vision Workshops (ICCVW)},
  year={2021},
  pages={1833-1844},
  url={https://api.semanticscholar.org/CorpusID:237266491}
}

@article{EASR,
AUTHOR = {Zhang, Lixian and Dong, Runmin and Yuan, Shuai and Li, Weijia and Zheng, Juepeng and Fu, Haohuan},
TITLE = {Making Low-Resolution Satellite Images Reborn: A Deep Learning Approach for Super-Resolution Building Extraction},
JOURNAL = {Remote Sensing},
VOLUME = {13},
YEAR = {2021},
NUMBER = {15},
ARTICLE-NUMBER = {2872},
URL = {https://www.mdpi.com/2072-4292/13/15/2872},
DOI = {10.3390/rs13152872}
}

@article{SwinIR+CNN,
  author={Tu, Jingzhi and Mei, Gang and Ma, Zhengjing and Piccialli, Francesco},
  journal={IEEE Journal of Selected Topics in Applied Earth Observations and Remote Sensing}, 
  title={SWCGAN: Generative Adversarial Network Combining Swin Transformer and CNN for Remote Sensing Image Super-Resolution}, 
  year={2022},
  volume={15},
  number={},
  pages={5662-5673},
  keywords={Feature extraction;Superresolution;Transformers;Remote sensing;Image reconstruction;Generative adversarial networks;Task analysis;Convolutional layers;generative adversarial network (GAN);remote sensing images;super-resolution reconstruction;swin transformer},
  doi={10.1109/JSTARS.2022.3190322}}

@article{DMDC,
AUTHOR = {Liu, Jinzhe and Yuan, Zhiqiang and Pan, Zhaoying and Fu, Yiqun and Liu, Li and Lu, Bin},
TITLE = {Diffusion Model with Detail Complement for Super-Resolution of Remote Sensing},
JOURNAL = {Remote Sensing},
VOLUME = {14},
YEAR = {2022},
NUMBER = {19},
ARTICLE-NUMBER = {4834},
URL = {https://www.mdpi.com/2072-4292/14/19/4834},
DOI = {10.3390/rs14194834}
}

@article{LDL2022,
  title={Details or artifacts: A locally discriminative learning approach to realistic image super-resolution},
  author={Liang, Jie and Zeng, Hui and Zhang, Lei},
  booktitle={Proceedings of the IEEE/CVF Conference on Computer Vision and Pattern Recognition},
  pages={5657--5666},
  year={2022}
}

@article{SAGAN,
AUTHOR = {Zhao, Jiayi and Ma, Yong and Chen, Fu and Shang, Erping and Yao, Wutao and Zhang, Shuyan and Yang, Jin},
TITLE = {SA-GAN: A Second Order Attention Generator Adversarial Network with Region Aware Strategy for Real Satellite Images Super Resolution Reconstruction},
JOURNAL = {Remote Sensing},
VOLUME = {15},
YEAR = {2023},
NUMBER = {5},
ARTICLE-NUMBER = {1391},
URL = {https://www.mdpi.com/2072-4292/15/5/1391},
DOI = {10.3390/rs15051391}
}

@article{unplannedUrban,
author = {Alessandro Crivellari, Hong Wei, Chunzhu Wei and Yuhui Shi},
title = {Super-resolution GANs for upscaling unplanned urban settlements from remote sensing satellite imagery â€“ the case of Chinese urban village detection},
journal = {International Journal of Digital Earth},
volume = {16},
number = {1},
pages = {2623--2643},
year = {2023},
publisher = {Taylor \& Francis},
doi = {10.1080/17538947.2023.2230956},
URL = {https://doi.org/10.1080/17538947.2023.2230956},
eprint = {https://doi.org/10.1080/17538947.2023.2230956}
}

@article{MAP,
  author={Chantas, Giannis K. and Galatsanos, Nikolaos P. and Woods, Nathan A.},
  journal={IEEE Transactions on Image Processing}, 
  title={Super-Resolution Based on Fast Registration and Maximum a Posteriori Reconstruction}, 
  year={2007},
  volume={16},
  number={7},
  pages={1821-1830},
  keywords={Spatial resolution;Image reconstruction;Image resolution;Degradation;Image restoration;Interpolation;Maximum a posteriori estimation;Iterative algorithms;Discrete Fourier transforms;Maximum a posteriori (MAP);registration;spatially varying regularization;super-resolution},
  doi={10.1109/TIP.2007.896664}}

@article{PROCS,
  title={Super-resolution image synthesis using projections onto convex sets in the frequency domain},
  author={Frederick W. Wheeler and Ralph T. Hoctor and Eamon B. Barrett},
  booktitle={IS\&T/SPIE Electronic Imaging},
  year={2005},
  url={https://api.semanticscholar.org/CorpusID:16894124}
}

@article{DL2015,
      title={Image Super-Resolution Using Deep Convolutional Networks}, 
      author={Chao Dong and Chen Change Loy and Kaiming He and Xiaoou Tang},
      year={2015},
      eprint={1501.00092},
      archivePrefix={arXiv},
      primaryClass={cs.CV}
}

@article{WindSR,
  author={Kumar, Ashutosh and Islam, Tanvir and Ma, Jue and Kashiyama, Takehiro and Sekimoto, Yoshihide and Mattmann, Chris},
  journal={IEEE Access}, 
  title={WindSR: Improving Spatial Resolution of Satellite Wind Speed Through Super-Resolution}, 
  year={2023},
  volume={11},
  number={},
  pages={69486-69494},
  keywords={Wind speed;Superresolution;Spatial resolution;Extraterrestrial measurements;Atmospheric measurements;Training;Radar;Convolutional neural networks;Generative adversarial networks;CNN;GAN;super-resolution;wind speed},
  doi={10.1109/ACCESS.2023.3292966}}

@article{SRS3,
  author={Fernandez, Rafael and Fernandez-Beltran, Ruben and Kang, Jian and Pla, Filiberto},
  title={Sentinel-3 Super-Resolution Based on Dense Multireceptive Channel Attention}, 
  year={2021},
  volume={14},
  number={},
  pages={7359-7372},
  keywords={Spatial resolution;Remote sensing;Instruments;Earth;Superresolution;Satellites;Data models;Convolutional nural network (CNN);level-4 data processing;ocean and land color instrument (OLCI);sentinel-3 (s3);super-resolution (SR)},
  doi={10.1109/JSTARS.2021.3097410}}

@article{SARNet,
  author={Zhu, Xi and Xu, Yang and Wei, Zhihui},
  booktitle={IGARSS 2019 - 2019 IEEE International Geoscience and Remote Sensing Symposium}, 
  title={Super-Resolution of Sentinel-2 Images Based on Deep Channel-Attention Residual Network}, 
  year={2019},
  volume={},
  number={},
  pages={628-631},
  keywords={Spatial resolution;Training;Neural networks;Indexes;Training data;Sentinel-2;super-resolution;convolutional neural network;residual network;channel attention},
  doi={10.1109/IGARSS.2019.8897860}}

@article{wang2018esrgan,
      title={ESRGAN: Enhanced Super-Resolution Generative Adversarial Networks}, 
      author={Xintao Wang and Ke Yu and Shixiang Wu and Jinjin Gu and Yihao Liu and Chao Dong and Chen Change Loy and Yu Qiao and Xiaoou Tang},
      year={2018},
      eprint={1809.00219},
      archivePrefix={arXiv},
      primaryClass={cs.CV}
}

@article{SR3,
  author={Saharia, Chitwan and Ho, Jonathan and Chan, William and Salimans, Tim and Fleet, David J. and Norouzi, Mohammad},
  journal={IEEE Transactions on Pattern Analysis and Machine Intelligence}, 
  title={Image Super-Resolution via Iterative Refinement}, 
  year={2023},
  volume={45},
  number={4},
  pages={4713-4726},
  keywords={Noise reduction;Superresolution;Task analysis;Iterative methods;Data models;Faces;Diffusion processes;Image super-resolution;diffusion models;deep generative models},
  doi={10.1109/TPAMI.2022.3204461}}

@article{SRDiff,
  title={SRDiff: Single Image Super-Resolution with Diffusion Probabilistic Models},
  author={Haoying Li and Yifan Yang and Meng Chang and Huajun Feng and Zhi-hai Xu and Qi Li and Yue-ting Chen},
  journal={Neurocomputing},
  year={2021},
  volume={479},
  pages={47-59}
}

@article{EDiffSR,
  author={Xiao, Yi and Yuan, Qiangqiang and Jiang, Kui and He, Jiang and Jin, Xianyu and Zhang, Liangpei},
  journal={IEEE Transactions on Geoscience and Remote Sensing}, 
  title={EDiffSR: An Efficient Diffusion Probabilistic Model for Remote Sensing Image Super-Resolution}, 
  year={2024},
  volume={62},
  number={},
  pages={1-14},
  keywords={Remote sensing;Task analysis;Diffusion processes;Superresolution;Predictive models;Image reconstruction;Training;Diffusion probabilistic model (DPM);image super-resolution (SR);prior enhancement;remote sensing},
  doi={10.1109/TGRS.2023.3341437}}

@article{SRGAN,
      title={Photo-Realistic Single Image Super-Resolution Using a Generative Adversarial Network}, 
      author={Christian Ledig and Lucas Theis and Ferenc Huszar and Jose Caballero and Andrew Cunningham and Alejandro Acosta and Andrew Aitken and Alykhan Tejani and Johannes Totz and Zehan Wang and Wenzhe Shi},
      year={2017},
      eprint={1609.04802},
      archivePrefix={arXiv},
      primaryClass={cs.CV}
}

@misc{liu2021swintransformerhierarchicalvision,
      title={Swin Transformer: Hierarchical Vision Transformer using Shifted Windows}, 
      author={Ze Liu and Yutong Lin and Yue Cao and Han Hu and Yixuan Wei and Zheng Zhang and Stephen Lin and Baining Guo},
      year={2021},
      eprint={2103.14030},
      archivePrefix={arXiv},
      primaryClass={cs.CV},
      url={https://arxiv.org/abs/2103.14030}, 
}

@misc{vaswani2017attentionneed,
      title={Attention Is All You Need}, 
      author={Ashish Vaswani and Noam Shazeer and Niki Parmar and Jakob Uszkoreit and Llion Jones and Aidan N. Gomez and Lukasz Kaiser and Illia Polosukhin},
      year={2017},
      eprint={1706.03762},
      archivePrefix={arXiv},
      primaryClass={cs.CL},
      url={https://arxiv.org/abs/1706.03762}, 
}

@phdthesis{MnihThesis,
author = {Volodymyr Mnih},
title = {Machine Learning for Aerial Image Labeling},
school = {University of Toronto},
year = {2013}
}